<record><leader>00000cas a2200000 a 4500</leader><controlfield tag="001">25769655</controlfield><controlfield tag="008">920506d185918uuiluwr ne      0   a0eng c</controlfield><datafield ind1=" " ind2=" " tag="010"><subfield code="a">sn 92053244 </subfield></datafield><datafield ind1=" " ind2=" " tag="040"><subfield code="a">NVF</subfield><subfield code="b">eng</subfield><subfield code="c">NVF</subfield><subfield code="d">OCL</subfield><subfield code="d">CVF</subfield><subfield code="d">OCLCQ</subfield><subfield code="d">OCLCF</subfield><subfield code="d">NVF</subfield><subfield code="d">OCLCO</subfield></datafield><datafield ind1="1" ind2=" " tag="029"><subfield code="a">AU@</subfield><subfield code="b">000020228681</subfield></datafield><datafield ind1=" " ind2=" " tag="042"><subfield code="a">pcc</subfield></datafield><datafield ind1=" " ind2=" " tag="043"><subfield code="a">n-us-il</subfield></datafield><datafield ind1="0" ind2="4" tag="245"><subfield code="a">The Mendota observer.</subfield></datafield><datafield ind1=" " ind2=" " tag="260"><subfield code="a">Mendota, La Salle County, Ills. [Ill.] :</subfield><subfield code="b">J.R.S. Bond</subfield></datafield><datafield ind1=" " ind2=" " tag="300"><subfield code="a">v.</subfield></datafield><datafield ind1=" " ind2=" " tag="310"><subfield code="a">Weekly</subfield></datafield><datafield ind1="0" ind2=" " tag="362"><subfield code="a">Vol. 4, no. 48 (May 13, 1859)-</subfield></datafield><datafield ind1=" " ind2=" " tag="515"><subfield code="a">Issues for May 13-&lt;Oct. 21, 1859&gt; called also whole no. 204-&lt;226&gt;.</subfield></datafield><datafield ind1=" " ind2=" " tag="588"><subfield code="a">Latest issue consulted: June 26, 1861.</subfield></datafield><datafield ind1=" " ind2="0" tag="651"><subfield code="a">Mendota (Ill.)</subfield><subfield code="v">Newspapers.</subfield></datafield><datafield ind1=" " ind2="7" tag="651"><subfield code="a">Illinois</subfield><subfield code="z">Mendota.</subfield><subfield code="2">fast</subfield><subfield code="0">(OCoLC)fst01238228</subfield></datafield><datafield ind1=" " ind2="7" tag="655"><subfield code="a">Newspapers.</subfield><subfield code="2">fast</subfield><subfield code="0">(OCoLC)fst01423814</subfield></datafield><datafield ind1=" " ind2=" " tag="752"><subfield code="a">United States</subfield><subfield code="b">Illinois</subfield><subfield code="c">La Salle</subfield><subfield code="d">Mendota.</subfield></datafield><datafield ind1="0" ind2="0" tag="780"><subfield code="t">Mendota weekly press</subfield><subfield code="w">(DLC)sn 92053243</subfield><subfield code="w">(OCoLC)25769598</subfield></datafield></record>